@book{marshall2011cryosphere,
  title={The cryosphere},
  author={Marshall, Shawn J},
  volume={2},
  year={2011},
  publisher={Princeton University Press}
}

@incollection{holton2004,
title = "An Introduction to Dynamic Meteorology",
author = "James R. Holton",
series = "International Geophysics",
publisher = "Academic Press",
volume = "88",
year = "2004",
issn = "0074-6142",
doi = "https://doi.org/10.1016/S0074-6142(04)80054-8",
url = "http://www.sciencedirect.com/science/article/pii/S0074614204800548"
}

@book{cushman2011introduction,
  title={Introduction to geophysical fluid dynamics: physical and numerical aspects},
  author={Cushman-Roisin, Benoit and Beckers, Jean-Marie},
  volume={101},
  year={2011},
  publisher={Academic press}
}

@book{vallis2017atmospheric,
  title={Atmospheric and oceanic fluid dynamics},
  author={Vallis, Geoffrey K},
  year={2017},
  publisher={Cambridge University Press}
}

@article{engelhardt2017equatorward,
  title={An equatorward force acting on large floating ice masses: Polfluchtkraft},
  author={Engelhardt, Hermann and Engelhardt, Michael},
  journal={Annals of Glaciology},
  volume={58},
  number={74},
  pages={144--151},
  year={2017},
  publisher={Cambridge University Press}
}